@article{blackholes,
      author="Rabbert Klein",
      title="Black Holes and Their Relation to Hiding Eggs",
      journal="Theoretical Easter Physics",
      publisher="Eggs Ltd.",
      year="2010",
      note="(to appear)"
}